@book{hadzihasanovic2024combinatorics,
  title = {Combinatorics of higher-categorical diagrams},
  author = {Hadzihasanovic, A.},
  year = {2024},
  publisher = {Online preprint arXiv:2404.07273v2},
  note = {To appear in London Mathematical Society Lecture Note Series}
}

@article{freyd1972continuous,
  title = {Categories of continuous functors, I},
  journal = {Journal of Pure and Applied Algebra},
  volume = {2},
  number = {3},
  pages = {169-191},
  year = {1972},
  issn = {0022-4049},
  author = {P.J. Freyd and G.M. Kelly}
}

@book{ara2020joint,
	series = {Mémoires de la {Société} {Mathématique} de {France}},
	title = {Joint et tranches pour les {$\infty$}-catégories strictes},
	isbn = {978-2-85629-921-0},
	number = {nouvelle série, numéro 165},
	publisher = {Société Mathématique de France},
	author = {Ara, Dimitri and Maltsiniotis, Georges},
	year = {2020},
}
